%%%%%%%%%%%%%%%%%%%%%%%%%%%%%%%%%%%%%%%%%%%%%%%%%%%%%%%%%%%%%%%%%%%%%%%%%%%%%%%%
%%%%%%%%%%%%%%%%%%%%%%%%%%%%%%%%%%   2017   %%%%%%%%%%%%%%%%%%%%%%%%%%%%%%%%%%%%
%%%%%%%%%%%%%%%%%%%%%%%%%%%%%%%%%%%%%%%%%%%%%%%%%%%%%%%%%%%%%%%%%%%%%%%%%%%%%%%%

@inproceedings{mediatheque2017,
    author = {Vallverdu, Germain},
    title = {Jouons avec la mécanique quantique !},
    booktitle = {Annimation à la médiathèque André Labarrère, Pau},
    year = {2017},
    month = {13 Janvier}
}

@inproceedings{festival2017,
    author = {Vallverdu, Germain and Darrigan, Clovis},
    title = {Jeux quantiques},
    booktitle = {Annimation lors du Festival du jeu de société de Pau},
    year = {2017},
    month = {Février}
}

%%%%%%%%%%%%%%%%%%%%%%%%%%%%%%%%%%%%%%%%%%%%%%%%%%%%%%%%%%%%%%%%%%%%%%%%%%%%%%%%
%%%%%%%%%%%%%%%%%%%%%%%%%%%%%%%%%%   2016   %%%%%%%%%%%%%%%%%%%%%%%%%%%%%%%%%%%%
%%%%%%%%%%%%%%%%%%%%%%%%%%%%%%%%%%%%%%%%%%%%%%%%%%%%%%%%%%%%%%%%%%%%%%%%%%%%%%%%


@inproceedings{FeteScience2016,
    author = {Vallverdu, Germain},
    title = {Jouons dans un monde quantique.},
    booktitle = {Annimation à la médiathèque André Labarrère, Pau},
    year = {2017},
    month = {Octobre}
}

%%%%%%%%%%%%%%%%%%%%%%%%%%%%%%%%%%%%%%%%%%%%%%%%%%%%%%%%%%%%%%%%%%%%%%%%%%%%%%%%
%%%%%%%%%%%%%%%%%%%%%%%%%%%%%%%%%%   2015   %%%%%%%%%%%%%%%%%%%%%%%%%%%%%%%%%%%%
%%%%%%%%%%%%%%%%%%%%%%%%%%%%%%%%%%%%%%%%%%%%%%%%%%%%%%%%%%%%%%%%%%%%%%%%%%%%%%%%

@inproceedings{FeteScience2015-2,
    author = {Vallverdu, Germain and Tison, Yann},
    title = {De l'atome aux nano-objets : voyage dans l'espace et le temps. Épisode 2, Comment "voir" des atomes et effectuer des mesures à leur échelle ?},
    booktitle = {Fête de la science},
    year = {2015},
    month = {Octobre}
}

@inproceedings{FeteScience2015-1,
    author = {Tison, Yann and Vallverdu, Germain},
    title = {De l'atome aux nano-objets : voyage dans l'espace et le temps. Épisode 1, Plongeons dans le monde microscopique : vers un monde quantique},
    booktitle = {Fête de la science},
    year = {2015},
    month = {Octobre}
}

%%%%%%%%%%%%%%%%%%%%%%%%%%%%%%%%%%%%%%%%%%%%%%%%%%%%%%%%%%%%%%%%%%%%%%%%%%%%%%%%
%%%%%%%%%%%%%%%%%%%%%%%%%%%%%%%%%%   2013   %%%%%%%%%%%%%%%%%%%%%%%%%%%%%%%%%%%%
%%%%%%%%%%%%%%%%%%%%%%%%%%%%%%%%%%%%%%%%%%%%%%%%%%%%%%%%%%%%%%%%%%%%%%%%%%%%%%%%

@inproceedings{FeteScience2013,
    author = {Vallverdu, Germain},
    title = {Votre vinaigrette au microscope : quand le réseau social moléculaire s'exprime},
    booktitle = {Fête de la science},
    year = {2013},
    month = {Octobre}
}

%%%%%%%%%%%%%%%%%%%%%%%%%%%%%%%%%%%%%%%%%%%%%%%%%%%%%%%%%%%%%%%%%%%%%%%%%%%%%%%%
%%%%%%%%%%%%%%%%%%%%%%%%%%%%%%%%%%   2012   %%%%%%%%%%%%%%%%%%%%%%%%%%%%%%%%%%%%
%%%%%%%%%%%%%%%%%%%%%%%%%%%%%%%%%%%%%%%%%%%%%%%%%%%%%%%%%%%%%%%%%%%%%%%%%%%%%%%%

@inproceedings{Lycee2011,
    author = {Vallverdu, Germain},
    title = {Le voyage du lithium ou comment fonctionne les batteries de nos appareils électroniques},
    booktitle = {{Année mondiale de la chimie, "Les chimistes s'invitent au lycée"}},
    year = {2011},
    month = {Février}
}
