%%%%%%%%%%%%%%%%%%%%%%%%%%%%%%%%%%%%%%%%%%%%%%%%%%%%%%%%%%%%%%%%%%%%%%%%%%%%%%%%
%%%%%%%%%%%%%%%%%%%%%%%%%%%%%%%%%%   2014   %%%%%%%%%%%%%%%%%%%%%%%%%%%%%%%%%%%%
%%%%%%%%%%%%%%%%%%%%%%%%%%%%%%%%%%%%%%%%%%%%%%%%%%%%%%%%%%%%%%%%%%%%%%%%%%%%%%%%

@inproceedings{ICAM_2014,
    author = {Guille, Emilie and Vallverdu, Germain and Baraille, Isabelle},
    title = {Modelling of the electronic properties of
    Li$_\text{x}$PO$_\text{y}$N$_\text{z}$: molecular dynamics and periodic DFT approaches},
    booktitle = {{International Conference on Advanced Materials Modelling (ICAMM)}, Nantes, France},
    year = {2014},
    month = {Juillet}
}

%%%%%%%%%%%%%%%%%%%%%%%%%%%%%%%%%%%%%%%%%%%%%%%%%%%%%%%%%%%%%%%%%%%%%%%%%%%%%%%%
%%%%%%%%%%%%%%%%%%%%%%%%%%%%%%%%%%   2012   %%%%%%%%%%%%%%%%%%%%%%%%%%%%%%%%%%%%
%%%%%%%%%%%%%%%%%%%%%%%%%%%%%%%%%%%%%%%%%%%%%%%%%%%%%%%%%%%%%%%%%%%%%%%%%%%%%%%%

@inproceedings{montpellier2012,
    author = {Martin, Lucile and Vallverdu, Germain and Martinez, Hervé and Pecquenard, Brigitte and Le Cras, Frédéric and Baraille, Isabelle},
    title = {Etude des interfaces formées au sein du matériau de conversion CuO, électrode positive pour microbatterie au Li},
    booktitle = {13$^\text{eme}$ journée de la matière condensée, Montpellier, France},
    year = {2012},
    month = {Août}
}

@inproceedings{MRS_2012,
    author = {Martin, Lucile and Vallverdu, Germain and Martinez, Hervé and Pecquenard, Brigitte and Le Cras, Frédéric and Baraille, Isabelle},
    title = {Theoretical interface investigations in conversion positive electrode for Li-ion batteries},
    booktitle = {{Materials Research Society (MRS)}, San-Fransisco, USA},
    year = {2012},
    month = {Avril}
}

%%%%%%%%%%%%%%%%%%%%%%%%%%%%%%%%%%%%%%%%%%%%%%%%%%%%%%%%%%%%%%%%%%%%%%%%%%%%%%%%
%%%%%%%%%%%%%%%%%%%%%%%%%%%%%%%%%%   2008   %%%%%%%%%%%%%%%%%%%%%%%%%%%%%%%%%%%%
%%%%%%%%%%%%%%%%%%%%%%%%%%%%%%%%%%%%%%%%%%%%%%%%%%%%%%%%%%%%%%%%%%%%%%%%%%%%%%%%

@inproceedings{Ascona_2008,
    author = {Vallverdu, Germain and Demachy, Isabelle and Ridard, Jacqueline and Lévy, Bernard},
    title = {Theoretical study of the radiationless decay of the Green Fluorescent Protein chromophore in water and in protein},
    booktitle = {{ISQBP President's Meeting "Pushing the Boundaries of Biomolecular Simulation", Ascona, Suisse}},
    month = {Juin},
    year = {2008}
}
                
